@STRING{cvpr     = "Proc. IEEE/CVF Conf. Comput. Vis. Pattern Recognit."}
@STRING{iccv     = "Proc.IEEE/CVF Int. Conf. Comput. Vis."}
@STRING{icra     = "Proc.IEEE Int. Conf. Robot. Automat."}
@STRING{iros     = "Proc. IEEE/RSJ Int. Conf. Intell. Robots Syst."}
@STRING{iccvw     = "Int. Conf. Comput. Vis. Worksh."}

@inproceedings{hough1959machine,
  title={Machine analysis of bubble chamber pictures},
  author={Hough, Paul VC},
  booktitle={Proc. of the International Conference on High Energy Accelerators and Instrumentation, Sept. 1959},
  pages={554--556},
  year={1959}
}

@inproceedings{wang2019densefusion,
  title={DenseFusion: 6d object pose estimation by iterative dense fusion},
  author={Wang, Chen and Xu, Danfei and Zhu, Yuke and Mart{\'\i}n-Mart{\'\i}n, Roberto and Lu, Cewu and Fei-Fei, Li and Savarese, Silvio},
  booktitle=cvpr,
  pages={3343--3352},
  year={2019}
}

@inproceedings{he2016deep,
  title={Deep residual learning for image recognition},
  author={He, Kaiming and Zhang, Xiangyu and Ren, Shaoqing and Sun, Jian},
  booktitle=cvpr,
  pages={770--778},
  year={2016}
}

@inproceedings{girshick2015fast,
  title={Fast r-cnn},
  author={Girshick, Ross},
  booktitle=iccv,
  pages={1440--1448},
  year={2015}
}

@inproceedings{qi2017pointnet++,
  title={Pointnet++: Deep hierarchical feature learning on point sets in a metric space},
  author={Qi, Charles Ruizhongtai and Yi, Li and Su, Hao and Guibas, Leonidas J},
  booktitle={Advances in neural information processing systems},
  pages={5099--5108},
  year={2017}
}

@inproceedings{qi2019deep,
  title={Deep hough voting for 3d object detection in point clouds},
  author={Qi, Charles R and Litany, Or and He, Kaiming and Guibas, Leonidas J},
  booktitle=iccv,
  pages={9277--9286},
  year={2019}
}

@inproceedings{zhang2019self,
  title={Self-attention generative adversarial networks},
  author={Zhang, Han and Goodfellow, Ian and Metaxas, Dimitris and Odena, Augustus},
  booktitle={International conference on machine learning},
  pages={7354--7363},
  year={2019},
  organization={PMLR}
}

@inproceedings{chao2021dexycb,
  title={DexYCB: A benchmark for capturing hand grasping of objects},
  author={Chao, Yu-Wei and Yang, Wei and Xiang, Yu and Molchanov, Pavlo and Handa, Ankur and Tremblay, Jonathan and Narang, Yashraj S and Van Wyk, Karl and Iqbal, Umar and Birchfield, Stan and others},
  booktitle=cvpr,
  pages={9044--9053},
  year={2021}
}

@inproceedings{garcia2018first,
  title={First-person hand action benchmark with rgb-d videos and 3d hand pose annotations},
  author={Garcia-Hernando, Guillermo and Yuan, Shanxin and Baek, Seungryul and Kim, Tae-Kyun},
  booktitle=cvpr,
  pages={409--419},
  year={2018}
}

@inproceedings{hampali2020honnotate,
  title={Honnotate: A method for 3d annotation of hand and object poses},
  author={Hampali, Shreyas and Rad, Mahdi and Oberweger, Markus and Lepetit, Vincent},
  booktitle=cvpr,
  pages={3196--3206},
  year={2020}
}

@inproceedings{bregier2017symmetry,
  title={Symmetry aware evaluation of 3d object detection and pose estimation in scenes of many parts in bulk},
  author={Br{\'e}gier, Romain and Devernay, Fr{\'e}d{\'e}ric and Leyrit, Laetitia and Crowley, James L},
  booktitle=iccvw,
  pages={2209--2218},
  year={2017}
}

@inproceedings{hinterstoisser2012model,
  title={Model based training, detection and pose estimation of texture-less 3d objects in heavily cluttered scenes},
  author={Hinterstoisser, Stefan and Lepetit, Vincent and Ilic, Slobodan and Holzer, Stefan and Bradski, Gary and Konolige, Kurt and Navab, Nassir},
  booktitle={Asian conference on computer vision},
  pages={548--562},
  year={2012},
  organization={Springer}
}

@inproceedings{xie2021venet,
  title={Venet: Voting enhancement network for 3d object detection},
  author={Xie, Qian and Lai, Yu-Kun and Wu, Jing and Wang, Zhoutao and Lu, Dening and Wei, Mingqiang and Wang, Jun},
  booktitle=cvpr,
  pages={3712--3721},
  year={2021}
}

@inproceedings{xie2020mlcvnet,
  title={Mlcvnet: Multi-level context votenet for 3d object detection},
  author={Xie, Qian and Lai, Yu-Kun and Wu, Jing and Wang, Zhoutao and Zhang, Yiming and Xu, Kai and Wang, Jun},
  booktitle=cvpr,
  pages={10447--10456},
  year={2020}
}

@inproceedings{di2022gpv,
  title={Gpv-pose: Category-level object pose estimation via geometry-guided point-wise voting},
  author={Di, Yan and Zhang, Ruida and Lou, Zhiqiang and Manhardt, Fabian and Ji, Xiangyang and Navab, Nassir and Tombari, Federico},
  booktitle=cvpr,
  pages={6781--6791},
  year={2022}
}

@article{pfanne2018fusing,
  title={Fusing joint measurements and visual features for in-hand object pose estimation},
  author={Pfanne, Martin and Chalon, Maxime and Stulp, Freek and Albu-Sch{\"a}ffer, Alin},
  journal={IEEE Robotics and Automation Letters},
  volume={3},
  number={4},
  pages={3497--3504},
  year={2018},
  publisher={IEEE}
}

@inproceedings{anzai2020deep,
  title={Deep gated multi-modal learning: In-hand object pose changes estimation using tactile and image data},
  author={Anzai, Tomoki and Takahashi, Kuniyuki},
  booktitle=iros,
  pages={9361--9368},
  year={2020},
  organization={IEEE}
}

@article{andrychowicz2020learning,
  title={Learning dexterous in-hand manipulation},
  author={Andrychowicz, OpenAI: Marcin and Baker, Bowen and Chociej, Maciek and Jozefowicz, Rafal and McGrew, Bob and Pachocki, Jakub and Petron, Arthur and Plappert, Matthias and Powell, Glenn and Ray, Alex and others},
  journal={The International Journal of Robotics Research},
  volume={39},
  number={1},
  pages={3--20},
  year={2020},
  publisher={SAGE Publications Sage UK: London, England}
}

@inproceedings{handa2020dexpilot,
  title={Dexpilot: Vision-based teleoperation of dexterous robotic hand-arm system},
  author={Handa, Ankur and Van Wyk, Karl and Yang, Wei and Liang, Jacky and Chao, Yu-Wei and Wan, Qian and Birchfield, Stan and Ratliff, Nathan and Fox, Dieter},
  booktitle=icra,
  pages={9164--9170},
  year={2020},
  organization={IEEE}
}


//--------------------Depth-based object pose estimation--------------------------

@inproceedings{wang20216d,
  title={6D Pose Estimation from Point Cloud Using an Improved Point Pair Features Method},
  author={Wang, Haoyu and Wang, Hesheng and Zhuang, Chungang},
  booktitle={2021 7th International Conference on Control, Automation and Robotics (ICCAR)},
  pages={280--284},
  year={2021},
  organization={IEEE}
}

@article{guo2021efficient,
  title={Efficient Center Voting for Object Detection and 6D Pose Estimation in 3D Point Cloud},
  author={Guo, Jianwei and Xing, Xuejun and Quan, Weize and Yan, Dong-Ming and Gu, Qingyi and Liu, Yang and Zhang, Xiaopeng},
  journal={IEEE Transactions on Image Processing},
  volume={30},
  pages={5072--5084},
  year={2021},
  publisher={IEEE}
}

@article{li20203d,
  title={3D object recognition and pose estimation from point cloud using stably observed point pair feature},
  author={Li, Deping and Wang, Hanyun and Liu, Ning and Wang, Xiaoming and Xu, Jin},
  journal={IEEE Access},
  volume={8},
  pages={44335--44345},
  year={2020},
  publisher={IEEE}
}


@inproceedings{gao20206d,
  title={6d object pose regression via supervised learning on point clouds},
  author={Gao, Ge and Lauri, Mikko and Wang, Yulong and Hu, Xiaolin and Zhang, Jianwei and Frintrop, Simone},
  booktitle=icra,
  pages={3643--3649},
  year={2020},
  organization={IEEE}
}

@inproceedings{hagelskjaer2020pointvotenet,
  title={PointVoteNet: Accurate object detection and 6 DOF pose estimation in point clouds},
  author={Hagelskj{\ae}r, Frederik and Buch, Anders Glent},
  booktitle={2020 IEEE International Conference on Image Processing (ICIP)},
  pages={2641--2645},
  year={2020},
  organization={IEEE}
}

//--------------------------RGB-Object pose estimation-----------------------------

@inproceedings{wang2021gdr,
  title={Gdr-net: Geometry-guided direct regression network for monocular 6d object pose estimation},
  author={Wang, Gu and Manhardt, Fabian and Tombari, Federico and Ji, Xiangyang},
  booktitle=cvpr,
  pages={16611--16621},
  year={2021}
}

@inproceedings{peng2019pvnet,
  title={Pvnet: Pixel-wise voting network for 6dof pose estimation},
  author={Peng, Sida and Liu, Yuan and Huang, Qixing and Zhou, Xiaowei and Bao, Hujun},
  booktitle=cvpr,
  pages={4561--4570},
  year={2019}
}

@article{billings2019silhonet,
  title={Silhonet: An rgb method for 6d object pose estimation},
  author={Billings, Gideon and Johnson-Roberson, Matthew},
  journal={IEEE Robotics and Automation Letters},
  volume={4},
  number={4},
  pages={3727--3734},
  year={2019},
  publisher={IEEE}
}

@inproceedings{castro2023crt,
  title={Crt-6d: Fast 6d object pose estimation with cascaded refinement transformers},
  author={Castro, Pedro and Kim, Tae-Kyun},
  booktitle=cvpr,
  pages={5746--5755},
  year={2023}
}


//--------------------------RGBD-Object pose estimation-----------------------------

@inproceedings{he2020pvn3d,
  title={Pvn3d: A deep point-wise 3d keypoints voting network for 6dof pose estimation},
  author={He, Yisheng and Sun, Wei and Huang, Haibin and Liu, Jianran and Fan, Haoqiang and Sun, Jian},
  booktitle=cvpr,
  pages={11632--11641},
  year={2020}
}

@inproceedings{he2021ffb6d,
  title={Ffb6d: A full flow bidirectional fusion network for 6d pose estimation},
  author={He, Yisheng and Huang, Haibin and Fan, Haoqiang and Chen, Qifeng and Sun, Jian},
  booktitle=cvpr,
  pages={3003--3013},
  year={2021}
}

@article{wu2023geometric,
  title={Geometric-aware dense matching network for 6D pose estimation of objects from RGB-D images},
  author={Wu, Chenrui and Chen, Long and Wang, Shenglong and Yang, Han and Jiang, Junjie},
  journal={Pattern Recognition},
  volume={137},
  pages={109293},
  year={2023},
  publisher={Elsevier}
}

@inproceedings{hong2024rdpn6d,
  title={RDPN6D: Residual-based Dense Point-wise Network for 6Dof Object Pose Estimation Based on RGB-D Images},
  author={Hong, Zong-Wei and Hung, Yen-Yang and Chen, Chu-Song},
  booktitle=cvpr,
  pages={5251--5260},
  year={2024}
}

@inproceedings{lin2024hipose,
  title={Hipose: Hierarchical binary surface encoding and correspondence pruning for rgb-d 6dof object pose estimation},
  author={Lin, Yongliang and Su, Yongzhi and Nathan, Praveen and Inuganti, Sandeep and Di, Yan and Sundermeyer, Martin and Manhardt, Fabian and Stricker, Didier and Rambach, Jason and Zhang, Yu},
  booktitle=cvpr,
  pages={10148--10158},
  year={2024}
}

//-------------hand-object pose estimation-------------------

@inproceedings{doosti2020hope,
  title={Hope-net: A graph-based model for hand-object pose estimation},
  author={Doosti, Bardia and Naha, Shujon and Mirbagheri, Majid and Crandall, David J},
  booktitle=cvpr,
  pages={6608--6617},
  year={2020}
}

@inproceedings{lin2023harmonious,
  title={Harmonious feature learning for interactive hand-object pose estimation},
  author={Lin, Zhifeng and Ding, Changxing and Yao, Huan and Kuang, Zengsheng and Huang, Shaoli},
  booktitle=cvpr,
  pages={12989--12998},
  year={2023}
}

@inproceedings{wang2023interacting,
  title={Interacting hand-object pose estimation via dense mutual attention},
  author={Wang, Rong and Mao, Wei and Li, Hongdong},
  booktitle=cvpr,
  pages={5735--5745},
  year={2023}
}

@article{romero2022embodied,
  title={Embodied hands: Modeling and capturing hands and bodies together},
  author={Romero, Javier and Tzionas, Dimitrios and Black, Michael J},
  journal={arXiv preprint arXiv:2201.02610},
  year={2022}
}

@article{woo2023survey,
  title={A survey of deep learning methods and datasets for hand pose estimation from hand-object interaction images},
  author={Woo, Taeyun and Park, Wonjung and Jeong, Woohyun and Park, Jinah},
  journal={Computers \& Graphics},
  volume={116},
  pages={474--490},
  year={2023},
  publisher={Elsevier}
}

@article{sharma2022saliency,
  title={Saliency guided faster-RCNN (SGFr-RCNN) model for object detection and recognition},
  author={Sharma, Vipal Kumar and Mir, Roohie Naaz},
  journal={Journal of King Saud University-Computer and Information Sciences},
  volume={34},
  number={5},
  pages={1687--1699},
  year={2022},
  publisher={Elsevier}
}

@article{muhanna2015virtual,
  title={Virtual reality and the CAVE: Taxonomy, interaction challenges and research directions},
  author={Muhanna, Muhanna A},
  journal={Journal of King Saud University-Computer and Information Sciences},
  volume={27},
  number={3},
  pages={344--361},
  year={2015},
  publisher={Elsevier}
}

@article{okafor2024deep,
  title={Deep reinforcement learning with light-weight vision model for sequential robotic object sorting},
  author={Okafor, Emmanuel and Oyedeji, Mojeed and Alfarraj, Motaz},
  journal={Journal of King Saud University-Computer and Information Sciences},
  volume={36},
  number={1},
  pages={101896},
  year={2024},
  publisher={Elsevier}
}


